@article{smith,
  author    = "Smith, S. W.",
  title     = "The scientist and engineer's Guide to Digital Signal Processing",
  year      = "1999",
  publisher = "California Technical Pub"
}

@article{KIRANYAZ2021107398,
  title     = {1D convolutional neural networks and applications: A survey},
  journal   = {Mechanical Systems and Signal Processing},
  volume    = {151},
  pages     = {107398},
  year      = {2021},
  issn      = {0888-3270},
  doi       = {https://doi.org/10.1016/j.ymssp.2020.107398},
  url       = {https://www.sciencedirect.com/science/article/pii/S0888327020307846},
  author    = {Serkan Kiranyaz and Onur Avci and Osama Abdeljaber and Turker Ince and Moncef Gabbouj and Daniel J. Inman}
}

@online{dzhelil,
  author    = "Dzhelil Rufat",
  title     = "cuda-examples",
  note      = "\url{https://github.com/drufat/cuda-examples/blob/master/cuda/fft.cu}"
}

@online{maverick2,
  title     = "Maverick2 User Guide - TACC User Portal",
  note      = "\url{https://portal.tacc.utexas.edu/user-guides/maverick2}"
}

@online{stampede2,
  title     = "Stampede2 User Guide - {TACC} User Portal",
  note      = "\url{https://portal.tacc.utexas.edu/user-guides/stampede2}"
}

@book{kirk,
  author    = {Kirk, David B. and Hwu, Wen-mei W.},
  title     = {Programming Massively Parallel Processors, Third Edition: A Hands-on Approach},
  year      = {2016},
  isbn      = {0128119861},
  publisher = {Morgan Kaufmann Publishers Inc.},
  address   = {San Francisco, CA, USA}, 
  edition   = {3rd}
}

@online{geforce,
  title     = "{{GeForce GTX 1080 Ti | Specifications | GeForce}}",
  note      = "\url{https://www.nvidia.com/en-gb/geforce/graphics-cards/geforce-gtx-1080-ti/specifications/}"
}