@inproceedings{adams,
  author = {Adams, Joel C. and Pruim, Randall J.},
  title = {Computing for STEM majors: Enhancing non-CS majors’ computing skills},
  booktitle = {Proc. SIGCSE},
  pages = {457--462},
  year = {2012},
  address = {Raleigh, NC},
}

@inproceedings{cerna,
  author={Cerna, Oscar S. and Perez, Patricia A. and Saenz, Victor},
  title={Examining the precollege attributes and values of Latina/o college graduates},
  booktitle="Higher Education Research Institute: Research Report",
  address={Los Angeles, CA},
  year={2007}
}

@article{chemers,
  author = {Chemers, Martin M. and Zurbriggen, E.L. and Syed, M. and Goza, B.K. and Bearman, S.},
  title = {The role of efficacy and identity in science career commitment among underrepresented minority students},
  journal = {Journal of Social Issues},
  volume = {67},
  number = {7},
  pages = {469--492},
  year = {2011},
}

@article{cutright,
  author = {Cutright, Teresa J. and Evans, Edward},
  title = {Year-long peer mentoring activity to enhance the retention of freshmen STEM students in a NSF scholarship program},
  journal = {Mentoring \& Tutoring: Partnership in Learning},
  volume = {24},
  number = {3},
  pages = {201--212},
  year = {2016},
}

@article{dennis2005role,
title={The role of motivation, parental support, and peer support in the academic success of ethnic minority first-generation college students},
author={Dennis, Jennifer M. and Phinney, Jean S. and Chuateco, Lisa I.},
journal={Journal of College Student Development},
volume={46},
number={3},
pages={223--236},
year={2005},
month={5}
}

@article{gershenfeld,
  author = {Gershenfeld, Susan},
  title = {A review of undergraduate mentoring programs},
  journal = {Review of Educational Research},
  volume = {84},
  number = {3},
  pages = {365--391},
  year = {2014},
}

@techreport{gonzalez,
  author = {Gonzalez, Heather B.},
  title = {An analysis of STEM education funding at the NSF: Trends and policy discussion},
  year = {2012},
  address = {Washington D.C.},
  url = {https://digital.library.unt.edu/ark:/67531/metadc461926/},
}

@article{hagedorn2012realistic,
  title={A realistic look at STEM and the role of community colleges},
  author={Hagedorn, Linda S. and Purnamasari, Astrid V.},
  journal={Community College Review},
  volume={40},
  number={2},
  pages={145--164},
  year={2012},
}

@article{james,
  author    = "Sylvia M. James and Susan R. Singer",
  title     = "From the NSF: The National Science Foundation\’s Investments in Broadening Participation in Science, Technology, Engineering, and Mathematics Education through Research and Capacity Building",
  journal   = "CBE—Life Sciences Education",
  volume    = "15",
  number    = "3",
  pages     = "1--8",
  year      = "2016",
  DOI       = "https://doi. org/10.1187/cbe.16-01-0059"
}


@article{kalevitch2016building,
  title={Building a community of scholars: One university’s story of students engaged in learning science, mathematics, and engineering through a NSF S-STEM grant},
  author={Kalevitch, Maria and Maurer, Caleb and Badger, Paul and Holdan, Glenn and Iannelli, Joseph and Sirinterlikci, Ahmet and Semich, George and Bernauer, James},
  journal={Journal of STEM Education},
  volume={16},
  number={2},
  pages={40--45},
  year={2016},
}

@article{madsen,
  author = {Navarra-Madsen, Junalyn and Bales, Rodney A. and Hynds, DiAnna L.},
  title = {Role of scholarships in improving success rates of undergraduate Science, Technology, Engineering and Mathematics (STEM) majors},
  journal = {Procedia - Social and Behavioral Sciences},
  volume = {8},
  pages = {458--468},
  year = {2010},
}


@misc{roy2019engineering,
author = {Roy, John},
title = {Engineering by the numbers},
year = {2019},
month = {7},
publisher = {ASEE Report},
url = {www.asee.org/colleges}
}

@article{russomanno2010memphistep,
  title={MemphiSTEP: A STEM expansion program at the University of Memphis},
  author={Russomanno, Domenico and Best, Richard and Ivey, Sarah and Haddock, John R and Franceschetti, Donald and Hairston, Rebecca J},
  journal={Journal of STEM Education},
  volume={11},
  number={1},
  year={2010},
}


@book{academies2010rising,
  title={Rising Above the Gathering Storm, Revisited: Rapidly Approaching Category 5},
  author={National Academy of Sciences and National Academy of Engineering and Institute of Medicine},
  year={2010},
  publisher={National Academies Press},
  address={Washington, DC},
}


@article{slater2006lessons,
  title={Lessons learned: Implementing a large-scale peer mentoring program},
  author={Slater, Carol and Edmister, William and Watford, Brenda and Kampe, Joel},
  journal={Proceedings of the ASEE Annual Conference and Exposition},
  year={2006},
}


@book{springer,
  title={ENLACE Connection: What Makes a Difference in the Education of Latino U.S. Students--Learning from the Experience of 13 ENLACE Partnerships},
  author={Springer, Tom and Girolami, Callam K. and Kellogg Foundation, W.K.},
  publisher={W. K. Kellogg Foundation},
  address={Battle Creek, MI},
  year={2007}
}

@article{summers2006preparing,
  title={Preparing minority scientists and engineers},
  author={Summers, Michael and Hrabowski, Freeman A.},
  journal={Science},
  volume={311},
  number={5769},
  pages={1870--1871},
  year={2006},
}

@article{tinto2,
  title={Taking retention seriously: Rethinking the first year of college},
  author={Tinto, Vincent},
  journal={NACADA Journal},
  volume={19},
  number={2},
  pages={5--9},
  year={1999}
}

@article{tinto2002learned,
  title={What have we learned about the impact of learning communities on students?},
  author={Tinto, Vincent},
  journal={Assessment Update},
  volume={12},
  number={2},
  pages={1--4},
  year={2002},
}

@article{varorta2007latino,
  title={Most Latino students spurn college loans},
  author={Vara-Orta, Francisco},
  journal={The Los Angeles Times},
  year={2007},
}


@article{wilson,
  author = {Wilson, Zakiya S. and Iyengar, Sitharama S. and Pang, Su-Seng and Warner, Isiah M. and Luces, Candace A.},
  title = {Increasing access for economically disadvantaged students: The NSF/CSEM \& S-STEM programs at Louisiana State University},
  journal = {Journal of Science Education and Technology},
  volume = {21},
  number = {5},
  pages = {581--587},
  year = {2012},
}

@article{yomtov2017peer,
  title={Can peer mentors improve first-year experiences of university students?},
  author={Yomtov, Daniel and Plunkett, Scott W and Efrat, Rafael and Marin, Ana Gabriela},
  journal={Journal of College Student Retention: Research, Theory \& Practice},
  volume={19},
  number={1},
  pages={24--44},
  year={2017},
}
