@article{albrecht,
  author    = "A. Albrecht and J. Gaffney Jr",
  title     = "Software Function, Source Lines of Code, and Development Effort Prediction: A Software Science Validation",
  journal   = "IEEE transactions on Software Engineering",
  volume    = "9",
  number    = "6",
  pages     = "639--648",
  year      = "1983",
}

@article{alkhatlan,
  author    = "A. Alkhatlan and J. Kalita",
  title     = "Intelligent Tutoring Systems: A Comprehensive Historical Survey with Recent Developments",
  journal   = "International Journal of Computer Applications",
  volume    = "181",
  number    = "43",
  pages     = "1--20",
  year      = "2019",
}


@online{beck,
  author    = "Kent Beck et al",
  title     = "Manifesto for Agile Software Development",
  note      = "\url{https://agilemanifesto.org/}"
}

@book{braude,
  author    = "E. Braude and M. Bernstein",
  title     = "Software Engineering: Modern Approaches",
  year      = "2011",
  publisher = "2nd Ed. John Wiley",
}

@article{giacomin,
  author    = "J. Giacomin",
  title     = "What is human centered design?",
  journal   = "The Design Journal",
  volume    = "17",
  number    = "4",
  year      = "2014",
  }
  
@article{guo,
  author    = "P. Guo and N. Saab and L. S. Post and W. Admiraal",
  title     = "A review of project-based learning in higher 
  education: Student outcomes and measures",
  journal   = "International Journal of Educational Research",
  volume    = "102",
  number    = "4",
  year      = "2020",
  note      = "\url{"https://www.sciencedirect.com/science/article/pii/S0883035519325704"}"
 
  }

  @article{hong,
  author    = "J. Hong",
  title     = "Why is great design so hard?",
  journal   = "Communications of the ACM",
  volume    = "53",
  number    = "7,8",
  year      = "2010",
  }

@book{isaacson,
  author    = "W. Isaacson",
  title     = "Steve Jobs",
  year      = "2011",
  publisher = "Simon and Schuster",
}

@book{kung,
  author    = "D. Kung",
  title     = "Object-Oriented Software Engineering: An Agile Unified Methodology",
  year      = "2014",
  publisher = "McGraw-Hill",
}

@article{mollick,
  author    = "E. Mollick",
  title     = "{ChatGPT} Is a Tipping Point for {AI}",
  journal   = "Harvard Business Review",
  year      = "2012",
  DOI    = "https://hbr.org/2022/12/chatgpt-is-a-tipping-point-for-ai"
  }

@book{ouster,
  author    = "J. Ousterhout",
  title     = "A Philosophy of Software Design",
  year      = "2018",
  publisher = "Yaknyam Press",
}


@book{pfleeger,
  author    = "S. Pfleeger and J. Atlee",
  title     = "Software Engineering",
  year      = "2010",
  publisher = "Prentice-Hall",
}

@book{pressman,
  author    = "R. Pressman and B. Maxim",
  title     = "Software Engineering",
  year      = "2015",
  publisher = "8th ed. McGraw-Hill",
}

@book{rumbaugh,
  author    = "J. Rumbaugh and I. Jacobson and G. Booch",
  title     = "The Unified Modeling Language Reference Manual",
  year      = "2005",
  publisher = "2nd Ed. Addison Wesley",
}

@book{shneiderman,
  author    = "Ben Shneiderman and Catherine Plaisant and Maxine Cohen and Steven Jacobs and Niklas Elmqvist and Nicholas Diakopoulos",
  title     = "Designing the User Interface: Strategies for Effective Human-Computer Interaction",
  year      = "2016",
  publisher = "6th Ed. Pearson",
}


@article{sokhan,
  author    = "Z. Sokhanvar and K. Salehi and F. Sokhanvar",
  title     = "Advantages of authentic assessment for improving the learning experience and employability skills of higher education students: A systematic literature review",
  journal   = "Studies in Educational Evaluation",
  volume    = "70",
  year      = "2021",
  }

@book{sommerville,
  author    = "I. Sommerville",
  title     = "Software Engineering",
  year      = "2010",
  publisher = "9th Ed. Addison Wesley",
}

@article{welsh,
  author    = "M. Welsh",
  title     = "The End of Programming",
  journal   = "Communications of the ACM",
  volume    = "66",
  number    = "1",
  year      = "2023",
  }



