@article{clarke1996characterizations,
  title={Characterizations of computing careers: Students and professionals disagree},
  author={Clarke, Valerie A and Teague, G Joy},
  journal={Computers \& education},
  volume={26},
  number={4},
  pages={241--246},
  year={1996},
  publisher={Elsevier}
}

@inproceedings{egan2011impact,
  title={The impact of IMPACT: assessing students' perceptions after a day of computer exploration},
  author={Egan, Mary Anne L and Lederman, Timoth},
  booktitle={Proceedings of the 16th annual joint conference on Innovation and technology in computer science education},
  pages={318--322},
  year={2011},
  organization={ACM}
}

@article{galpin2007perceptions,
  title={Perceptions of computer science at a South African university},
  author={Galpin, Vashti C and Sanders, Ian D},
  journal={Computers \& Education},
  volume={49},
  number={4},
  pages={1330--1356},
  year={2007},
  publisher={Elsevier}
}

@inproceedings{grover2014remedying,
  title={Remedying misperceptions of computer science among middle school students},
  author={Grover, Shuchi and Pea, Roy and Cooper, Stephen},
  booktitle={Proceedings of the 45th ACM technical symposium on Computer science education},
  pages={343--348},
  year={2014},
  organization={ACM}
}

@article{hasan2003influence,
  title={The influence of specific computer experiences on computer self-efficacy beliefs},
  author={Hasan, Bassam},
  journal={Computers in human behavior},
  volume={19},
  number={4},
  pages={443--450},
  year={2003},
  publisher={Elsevier}
}

@article{jackson2008race,
  title={Race, gender, and information technology use: The new digital divide},
  author={Jackson, Linda A and Zhao, Yong and Kolenic III, Anthony and Fitzgerald, Hiram E and Harold, Rena and Von Eye, Alexander},
  journal={CyberPsychology \& Behavior},
  volume={11},
  number={4},
  pages={437--442},
  year={2008},
  publisher={Mary Ann Liebert, Inc. 140 Huguenot Street, 3rd Floor New Rochelle, NY 10801-5215 USA}
}

@article{mcgill2016undergraduate,
  title={Undergraduate studentsâ€™ perceptions of the impact of pre-college computing activities on choices of major},
  author={McGill, Monica M and Decker, Adrienne and Settle, Amber},
  journal={ACM Transactions on Computing Education (TOCE)},
  volume={16},
  number={4},
  pages={15},
  year={2016},
  publisher={ACM}
}

@article{prensky2001digital,
  title={Digital natives, digital immigrants part 1},
  author={Prensky, Marc},
  journal={On the horizon},
  volume={9},
  number={5},
  pages={1--6},
  year={2001},
  publisher={MCB UP Ltd}
}

@article{ritzhaupt2013differences,
  title={Differences in student information and communication technology literacy based on socio-economic status, ethnicity, and gender: Evidence of a digital divide in Florida schools},
  author={Ritzhaupt, Albert D and Liu, Feng and Dawson, Kara and Barron, Ann E},
  journal={Journal of Research on Technology in Education},
  volume={45},
  number={4},
  pages={291--307},
  year={2013},
  publisher={Taylor \& Francis}
}

@inproceedings{roberts2018rising,
  title={Rising CS Enrollments: Meeting the Challenges},
  author={Roberts, Eric and Camp, Tracy and Culler, David and Isbell, Charles and Tims, Jodi},
  booktitle={Proceedings of the 49th ACM Technical Symposium on Computer Science Education},
  pages={539--540},
  year={2018},
  organization={ACM}
}

@article{scott2016broadening,
  title={Broadening Participation in Computer Science: Existing Out-of-School Initiatives and a Case Study},
  author={Scott, Allison and Martin, Alexis and McAlear, Frieda and Madkins, Tia C},
  journal={ACM Inroads},
  volume={7},
  number={4},
  pages={84--90},
  year={2016},
  publisher={ACM}
}

@article{stone2010factors,
  title={Factors impacting student perceptions of computing and CIS majors},
  author={Stone, Jeffrey A and Kitlan, David P},
  journal={Journal of Computing Sciences in Colleges},
  volume={25},
  number={3},
  pages={156--163},
  year={2010},
  publisher={Consortium for Computing Sciences in Colleges}
}

@inproceedings{yardi2007computing,
  title={What is computing?: bridging the gap between teenagers' perceptions and graduate students' experiences},
  author={Yardi, Sarita and Bruckman, Amy},
  booktitle={Proceedings of the third international workshop on Computing education research},
  pages={39--50},
  year={2007},
  organization={ACM}
}
