@misc{isc,
title={2022 Cybersecurity Workforce Study},
author={ISC$^2$},
howpublished={\url{https://www.isc2.org/Research/Workforce-Study}}
}

@misc{sdl,
title={Microsoft Security Development Life Cycle},
author={Microsoft},
howpublished={\url{https://www.microsoft.com/en-us/securityengineering/sdl}
}
}

@misc{cyberseek,
title={Cyberseek},
author = {CompTIA},
howpublished={\url{https://www.cyberseek.org/}}
}

@misc{colonial,
title={Colonial Pipeline Cyber Incident},
author = {Office of Cybersecurity, Energy Security, and Emergency Response
},
howpublished={
\url{https://www.energy.gov/ceser/colonial-pipeline-cyber-incident}
}}

@misc{cae,
title = {National Centers of Academic Excellence in Cybersecurity},
author = {NSA},
howpublished = { \url{https://www.nsa.gov/Academics/Centers-of-Academic-Excellence/} }
}

@misc{comptia,
title = {Computing Technology Industry Association {(CompTIA)}},
author = {CompTIA},
howpublished = { \url{https://www.comptia.org/} }
}

@inbook{inbook,
author = {Mouheb, Djedjiga and Abbas, Sohail and Merabti, Madjid},
year = {2019},
month = {04},
pages = {93-107},
title = {Cybersecurity Curriculum Design: A Survey},
isbn = {978-3-662-59350-9},
journal = {Lecture Notes in Computer Science (including subseries Lecture Notes in Artificial Intelligence and Lecture Notes in Bioinformatics)},
doi = {10.1007/978-3-662-59351-6_9}
}

@article{CABAJ201824,
title = {Cybersecurity education: Evolution of the discipline and analysis of master programs},
journal = {Computers \& Security},
volume = {75},
pages = {24-35},
year = {2018},
issn = {0167-4048},
doi = {https://doi.org/10.1016/j.cose.2018.01.015},
url = {https://www.sciencedirect.com/science/article/pii/S0167404818300373},
author = {Krzysztof Cabaj and Dulce Domingos and Zbigniew Kotulski and Ana Respício},
keywords = {Cybersecurity master programs, Cybersecurity discipline evolution, Graduate cybersecurity education, Comparative study, Cybersecurity curricula},

}

@INPROCEEDINGS{7918179,  
author={Santos, Henrique and Pereira, Teresa and Mendes, Isabel},  
booktitle={2017 IEEE World Engineering Education Conference (EDUNINE)},   
title={Challenges and reflections in designing Cyber security curriculum},   
year={2017},  
volume={},  
number={},  
pages={47-51},  
doi={10.1109/EDUNINE.2017.7918179}
}

@ARTICLE{6573305,  
author={Schneider, Fred B.},  
journal={IEEE Security \& Privacy},   
title={Cybersecurity Education in Universities},   year={2013},  
volume={11},  
number={4},  
pages={3-4},  
doi={10.1109/MSP.2013.84}
}

@inproceedings{10.1145/2047594.2047628,
author = {Rowe, Dale C. and Lunt, Barry M. and Ekstrom, Joseph J.},
title = {The Role of Cyber-Security in Information Technology Education},
year = {2011},
url = {https://doi.org/10.1145/2047594.2047628},
doi = {10.1145/2047594.2047628},
booktitle = {Proceedings of the 2011 Conference on Information Technology Education},
keywords = {information technology, cyber security, model curriculum, information assurance and security},
location = {West Point, New York, USA},
series = {SIGITE '11}
}

@inproceedings{10.1145/3328778.3366878,
author = {Yett, Bernard and Hutchins, Nicole and Stein, Gordon and Zare, Hamid and Snyder, Caitlin and Biswas, Gautam and Metelko, Mary and L\'{e}deczi, \'{A}kos},
title = {A Hands-On Cybersecurity Curriculum Using a Robotics Platform},
year = {2020},
isbn = {9781450367936},
publisher = {Association for Computing Machinery},
address = {New York, NY, USA},
url = {https://doi.org/10.1145/3328778.3366878},
doi = {10.1145/3328778.3366878},
booktitle = {Proceedings of the 51st ACM Technical Symposium on Computer Science Education},
pages = {1040–1046},
numpages = {7},
keywords = {cybersecurity, computational thinking, robotics, networking, block-based programming, computer science education},
location = {Portland, OR, USA},
series = {SIGCSE '20}
}

@ARTICLE{8395134,  
author={Rashid, Awais and Danezis, George and Chivers, Howard and Lupu, Emil and Martin, Andrew and Lewis, Makayla and Peersman, Claudia},  
journal={IEEE Security \& Privacy},   
title={Scoping the Cyber Security Body of Knowledge},   year={2018},  
volume={16},  
number={3},  
pages={96-102},  
doi={10.1109/MSP.2018.2701150}
}

@article{CHOWDHURY2021100361,
title = {Cyber security training for critical infrastructure protection: A literature review},
journal = {Computer Science Review},
volume = {40},
pages = {100361},
year = {2021},
issn = {1574-0137},
doi = {https://doi.org/10.1016/j.cosrev.2021.100361},
url = {https://www.sciencedirect.com/science/article/pii/S1574013721000010},
author = {Nabin Chowdhury and Vasileios Gkioulos},
keywords = {Review, Cybersecurity, Critical infrastructure, Training, Aviation, Energy, Nuclear},
}

@book{crumpler2019cybersecurity,
  title={The cybersecurity workforce gap},
  author={Crumpler, William and Lewis, James A},
  year={2019},
  publisher={Center for Strategic and International Studies (CSIS) Washington, DC, USA}
}

@inproceedings{blanken2018case,
  title={A case study-based cybersecurity ethics curriculum},
  author={Blanken-Webb, Jane and Palmer, Imani and Deshaies, Sarah-Elizabeth and Burbules, Nicholas C and Campbell, Roy H and Bashir, Masooda},
  booktitle={2018 USENIX Workshop on Advances in Security Education (ASE 18)},
  year={2018}
}

@ARTICLE{8677338,  
author={Blair, Jean R.S. and Hall, Andrew O. and Sobiesk, Edward},  
journal={Computer},   
title={Educating Future Multidisciplinary Cybersecurity Teams},   
year={2019},  volume={52},  number={3},  pages={58-66},  doi={10.1109/MC.2018.2884190}
}

@inproceedings{10.1145/2325296.2325367,
author = {Brown, Christopher and Crabbe, Frederick and Doerr, Rita and Greenlaw, Raymond and Hoffmeister, Chris and Monroe, Justin and Needham, Donald and Phillips, Andrew and Pollman, Anthony and Schall, Stephen and Schultz, John and Simon, Steven and Stahl, David and Standard, Sarah},
title = {Anatomy, Dissection, and Mechanics of an Introductory Cyber-Security Course's Curriculum at the United States Naval Academy},
year = {2012},
isbn = {9781450312462},
publisher = {Association for Computing Machinery},
address = {New York, NY, USA},
url = {https://doi.org/10.1145/2325296.2325367},
doi = {10.1145/2325296.2325367},
booktitle = {Proceedings of the 17th ACM Annual Conference on Innovation and Technology in Computer Science Education},
pages = {303–308},
numpages = {6},
keywords = {networks, active learning, computer security awareness, cyber-security education, cyberspace policy review, information assurance, freshmen-required, naval academy},
location = {Haifa, Israel},
series = {ITiCSE '12}
}

@INPROCEEDINGS{8252239,  
author={Yuan, Dongqing},  
booktitle={2017 Computing Conference},   
title={Design and develop hands on cyber-security curriculum and laboratory},   
year={2017},  volume={},  number={},  pages={1176-1179},  doi={10.1109/SAI.2017.8252239}
}

@inproceedings{10.1145/3197091.3197110,
author = {Mountrouidou, Xenia and Li, Xiangyang and Burke, Quinn},
title = {Cybersecurity in Liberal Arts General Education Curriculum},
year = {2018},
isbn = {9781450357074},
publisher = {Association for Computing Machinery},
address = {New York, NY, USA},
url = {https://doi.org/10.1145/3197091.3197110},
doi = {10.1145/3197091.3197110},
booktitle = {Proceedings of the 23rd Annual ACM Conference on Innovation and Technology in Computer Science Education},
pages = {182–187},
numpages = {6},
keywords = {Liberal Arts, Cybersecurity, GENI, General Education},
location = {Larnaca, Cyprus},
series = {ITiCSE 2018}
}

@INPROCEEDINGS{6759208,  
author={Kessler, Gary C. and Ramsay, James D.},  booktitle={2014 47th Hawaii International Conference on System Sciences},   
title={A Proposed Curriculum in Cybersecurity Education Targeting Homeland Security Students},   
year={2014},  volume={},  number={}
}

@ARTICLE{6226542,  
author={Paulsen, Celia and McDuffie, Ernest and Newhouse, William and Toth, Patricia},  
journal={IEEE Security \& Privacy},   
title={{NICE}: Creating a Cybersecurity Workforce and Aware Public},   
year={2012},  volume={10},  number={3},  pages={76-79},  doi={10.1109/MSP.2012.73}
}

@inproceedings{10.1145/3369255.3369266,
author = {Saharinen, Karo and Karjalainen, Mika and Kokkonen, Tero},
title = {A Design Model for a Degree Programme in Cyber Security},
booktitle = {Proceedings of the ICETC 2019},
keywords = {Education, Skill, Competence, Knowledge, Degree Programme, European Qualifications Framework, Cyber Security},
}

@ARTICLE{9042416,  
author={Pencheva, Denny and Hallett, Joseph and Rashid, Awais},  
journal={IEEE Security \& Privacy},   
title={Bringing Cyber to School: Integrating Cybersecurity Into Secondary School Education},   
year={2020},  volume={18},  number={2},  pages={68-74},  doi={10.1109/MSEC.2020.2969409}
}

@inproceedings{10.1145/3339252.3340527,
author = {Yamin, Muhammad Mudassar and Katt, Basel},
title = {Cyber Security Skill Set Analysis for Common Curricula Development},
year = {2019},
isbn = {9781450371643},
publisher = {ACM},
address = {New York, NY, USA},
url = {https://doi.org/10.1145/3339252.3340527},
doi = {10.1145/3339252.3340527},
booktitle = {Proceedings of the 14th International Conference on Availability, Reliability and Security},
articleno = {37},
numpages = {8},
keywords = {Curricula, Cyber Security, Skill Set},
location = {Canterbury, CA, United Kingdom},
series = {ARES '19}
}

@INPROCEEDINGS{8340471,  
author={Sharevski, Filipo and Trowbridge, Adam and Westbrook, Jessica},  
booktitle={2018 IEEE Integrated STEM Education Conference (ISEC)},   
title={Novel approach for cybersecurity workforce development: A course in secure design},   
year={2018}
}

@INPROCEEDINGS{8688137,  
author={Ruiz, Rodrigo},  
booktitle={2019 IEEE 12th International Conference on Global Security, Safety and Sustainability (ICGS3)},   title={A Study of the UK Undergraduate Computer Science Curriculum: A Vision of Cybersecurity},   
year={2019}
}

@INPROCEEDINGS{6480056,  
author={Luallen, Matthew E. and Labruyere, Jean-Philippe},
booktitle={2013 46th Hawaii International Conference on System Sciences},   
title={Developing a Critical Infrastructure and Control Systems Cybersecurity Curriculum},   
year={2013}
}

@inproceedings{10.1145/2538862.2538990,
author = {McGettrick, Andrew and Cassel, Lillian N. and Dark, Melissa and Hawthorne, Elizabeth K. and Impagliazzo, John},
title = {Toward Curricular Guidelines for Cybersecurity},
year = {2014},
isbn = {9781450326056},
publisher = {Association for Computing Machinery},
address = {New York, NY, USA},
url = {https://doi.org/10.1145/2538862.2538990},
doi = {10.1145/2538862.2538990},
booktitle = {Proceedings of the 45th ACM Technical Symposium on Computer Science Education},
pages = {81–82},
numpages = {2},
keywords = {curriculum, security},
location = {Atlanta, Georgia, USA},
series = {SIGCSE '14}
}

@ARTICLE{1236229,  
author={Campbell, R.J.},  
journal={IEEE Security \& Privacy},   
title={Computer and intrusion forensics [Book Review]},   year={2003},  volume={1},  number={5},  pages={15-15},  doi={10.1109/MSECP.2003.1236229}
}

@article{10.5555/3532930.3532933,
author = {Yue, Xiaodong and Copus, Belinda and Park, Hyungbae},
title = {How to Secure {ABET} Accreditation for a Cybersecurity Program: A Case Study},
year = {2022},
issue_date = {April 2022},
publisher = {Consortium for Computing Sciences in Colleges},
address = {Evansville, IN, USA},
journal = {J. Comput. Sci. Coll.},
}