@article{gourley08,
  author    = "Michael Gourley and G. Qian and H. Sung and T. Turner",
  title     = "Seeking {ABET} accreditation of a computer science program at a public regional university",
  journal   = "Journal of Computing Sciences in Colleges",
  volume    = "23",
  number    = "6",
  pages     = "140--147",
  year      = "2008"  
}

@article{fu14,
  author    = "Jicheng Fu and M. Gourley and M. Park and G. Qian and H. Sung and T. Turner",
  title     = "Obtaining and maintaining {ABET} accreditation: An experience-based review of the {ABET} criteria for computer science programs",
  journal   = "Journal of Computing Sciences in Colleges",
  volume    = "29",
  number    = "4",
  pages     = "13--19",
  year      = "2014"  
}

@article{leach10,
  title={Using the vocabulary of software engineering to describe {ABET} accreditation},
  author={Leach, Ronald J},
  journal={ACM Inroads},
  volume={1},
  number={2},
  pages={27--29},
  year={2010},
  publisher={ACM New York, NY, USA}
}

@inproceedings{collofello04,
  title={Applying lessons learned from software process assessments to {ABET} accreditation},
  author={Collofello, James},
  booktitle={34th Annual Frontiers in Education, 2004. FIE 2004.},
  pages={T3G--24},
  year={2004},
  organization={IEEE}
}


@online{abet22,
  author    = "ABET",
  title     = "Engineering Accreditation Commission, 2022â€“23 Criteria",
  note      = "\url{https://www.abet.org/accreditation/accreditation-criteria/criteria-for-accrediting-engineering-programs-2022-2023/}"
}


