%Alexa Skill store
@online{skillConsole,
  author = "Amazon",
  title = "Alexa developer console",
  howpublished={\url{https://developer.amazon.com/alexa/console/ask}}
}


%Alexa Skill store
@online{skillStore,
  author = "Amazon",
  title = "Alexa Skills",
  howpublished={\url{https://www.amazon.com/alexa-skills/b/?ie=UTF8&node=13727921011}},
  }

%Assistant action store
  @online{actionStore,
  author = "Google",
  title = "Assistant actions",
  howpublished={\url{https://assistant.google.com/explore}}
  }

% Policy Amazon
@online{AmazonPolicy,
  author = "Amazon",
  title = "Policy Testing",
  howpublished={\url{https://developer.amazon.com/en-US/docs/alexa/custom-skills/policy-testing-for-an-alexa-skill.html}}
  }

  % Policy Google
 @online{GooglePolicy,
  author = "Google",
  title = "Policies for Actions on Google",
  howpublished={\url{https://developers.google.com/assistant/console/policies/general-policies}}
  }

  % skill quiz yay
  @online{QuizYay,
  author = "Aarna",
  title = "Quiz yay",
  howpublished={\url{https://www.amazon.com/Aarna-Quiz-yay/dp/B09WVLY66H/}}
  }

%skill blood donation helper
@online{BloodDonationHelper,
  author = "Leslie Correa",
  title = "Blood donation helper",
  howpublished={\url{https://www.amazon.com/Leslie-Correa-Blood-donation-helper/dp/B07N626993}}
  }

  % action health buddy
 @online{HealthBuddy,
  author = "Bonitoz.Inc",
  title = "Health Buddy",
  howpublished={\url{https://assistant.google.com/services/a/uid/00000075a4065a36}}
  }

  % action health guru
  @online{HealthGuru,
  author = "Sandeep Kumar Rana",
  title = "Health Guru",
  howpublished={\url{https://assistant.google.com/services/a/uid/000000114f6751c7}}
  }


  % X Measuring Alexa Skills Privacy Practices across Three years
@article{Edu,
  title={Measuring {Alexa} Skill Privacy Practices across Three years},
  author={Jide Edu and Xavier Ferrer-Aran and Jose Such and Guillermo Suarez-Tangil},
  year={2020},
  publisher = {Association for Computing Machinery},
  url= {https://doi-org.pvamu.idm.oclc.org/10.1145/3485447.3512289},
}

  %Leakage of Sensitive Information to Third-Party Voice Applications
@inproceedings{Bispham,
  title={Leakage of Sensitive Information to Third-Party Voice Applications},
  author={Bispham, Mary and Zard, Clara and Sattar, Suliman and Ferrer-Aran, Xavier and Suarez-Tangil, Guillermo and Such, Jose},
  booktitle={Proceedings of the 4th Conference on Conversational User Interfaces},
  pages={1--4},
  year={2022}
}


%Hey Alexa, Who Am I Talking to?: Analyzing Usersâ€™ Perception and Awareness Regarding Third party Alexa Skills
@inproceedings{Sabir,
  title={Hey {Alexa}, Who Am {I} Talking to?: Analyzing Users' Perception and Awareness Regarding Third-Party {Alexa} Skills},
  author={Sabir, Aafaq and Lafontaine, Evan and Das, Anupam},
  booktitle={Proceedings of the 2022 CHI Conference on Human Factors in Computing Systems},
  pages={1--15},
  year={2022}
}



%Measuring trustworthiness of skill certification}
@inproceedings{Cheng,
  title={Dangerous skills got certified: Measuring the trustworthiness of skill certification in voice personal assistant platforms},
  author={Cheng, Long and Wilson, Christin and Liao, Song and Young, Jeffrey and Dong, Daniel and Hu, Hongxin},
  booktitle={Proceedings of the 2020 ACM SIGSAC Conference on Computer and Communications Security},
  pages={1699--1716},
  year={2020}
}

%Measuring the effectiveness of privacy policies}
@inproceedings{Liao,
  title={Measuring the effectiveness of privacy policies for voice assistant applications},
  author={Liao, Song and Wilson, Christin and Cheng, Long and Hu, Hongxin and Deng, Huixing},
  booktitle={Annual Computer Security Applications Conference},
  pages={856--869},
  year={2020}
}